<record><leader>00000cas a2200000 a 4500</leader><controlfield tag="001">36644865</controlfield><controlfield tag="008">970328d19231926miuwr ne      0    0eng c</controlfield><datafield ind1=" " ind2=" " tag="010"><subfield code="a">sn 97063279 </subfield></datafield><datafield ind1=" " ind2=" " tag="040"><subfield code="a">MHN</subfield><subfield code="b">eng</subfield><subfield code="c">MHN</subfield><subfield code="d">OCL</subfield><subfield code="d">MHN</subfield><subfield code="d">OCLCQ</subfield><subfield code="d">MHN</subfield><subfield code="d">OCLCQ</subfield><subfield code="d">OCLCF</subfield></datafield><datafield ind1="1" ind2=" " tag="029"><subfield code="a">AU@</subfield><subfield code="b">000013197164</subfield></datafield><datafield ind1=" " ind2=" " tag="042"><subfield code="a">pcc</subfield></datafield><datafield ind1=" " ind2=" " tag="043"><subfield code="a">n-us-mi</subfield></datafield><datafield ind1="0" ind2="4" tag="245"><subfield code="a">The Iron River reporter.</subfield></datafield><datafield ind1=" " ind2=" " tag="260"><subfield code="a">Iron River, Mich. :</subfield><subfield code="b">Reporter Pub. Co.</subfield></datafield><datafield ind1=" " ind2=" " tag="300"><subfield code="a">v.</subfield></datafield><datafield ind1=" " ind2=" " tag="310"><subfield code="a">Weekly</subfield></datafield><datafield ind1="0" ind2=" " tag="362"><subfield code="a">Vol. 1, no. 1 (July 13, 1923)-</subfield></datafield><datafield ind1="1" ind2=" " tag="362"><subfield code="a">Ceased in 1926.</subfield></datafield><datafield ind1=" " ind2="0" tag="651"><subfield code="a">Iron River (Mich.)</subfield><subfield code="v">Newspapers.</subfield></datafield><datafield ind1=" " ind2="0" tag="651"><subfield code="a">Iron County (Mich.)</subfield><subfield code="v">Newspapers.</subfield></datafield><datafield ind1=" " ind2="7" tag="655"><subfield code="a">Newspapers.</subfield><subfield code="2">fast</subfield><subfield code="0">(OCoLC)fst01423814</subfield></datafield><datafield ind1=" " ind2="7" tag="651"><subfield code="a">Michigan</subfield><subfield code="z">Iron County.</subfield><subfield code="2">fast</subfield><subfield code="0">(OCoLC)fst01214768</subfield></datafield><datafield ind1=" " ind2="7" tag="651"><subfield code="a">Michigan</subfield><subfield code="z">Iron River.</subfield><subfield code="2">fast</subfield><subfield code="0">(OCoLC)fst01219757</subfield></datafield><datafield ind1=" " ind2=" " tag="752"><subfield code="a">United States</subfield><subfield code="b">Michigan</subfield><subfield code="c">Iron</subfield><subfield code="d">Iron River.</subfield></datafield><datafield ind1="0" ind2="1" tag="780"><subfield code="t">Iron River-Stambaugh reporter</subfield><subfield code="w">(DLC)sn2007060002</subfield><subfield code="w">(OCoLC)84653345</subfield></datafield><datafield ind1="0" ind2="7" tag="785"><subfield code="t">Stambaugh-Caspian reporter</subfield><subfield code="w">(DLC)sn2001061720</subfield><subfield code="w">(OCoLC)47122342</subfield></datafield><datafield ind1="0" ind2="7" tag="785"><subfield code="t">Iron River reporter and Stambaugh-Caspian reporter</subfield><subfield code="w">(DLC)sn2007060003</subfield><subfield code="w">(OCoLC)84654293</subfield></datafield></record>